@misc {NIH,
   url = {https://pubmed.ncbi.nlm.nih.gov/14733981/#:~:text=Abstract,of%20these%20crashes%20involve%20injuries.},
   title = {Analysis of motor-vehicle crashes at stop signs in four US cities},
   year = {2003},
   author = {{Retting, Weinstein, Solomon}},
}

@misc {HistoryofADAS,
   url = {https://www.freecodecamp.org/news/why-developers-should-know-how-to-write-dc35aa9b71ab/},
   author = {Benedetti, Michael},
   year = {2023},
   title = {The History of ADAS},
}
@misc {nsc,
   url = {https://injuryfacts.nsc.org/motor-vehicle/occupant-protection/advanced-driver-assistance-systems/#:~:text=Advanced%20Driver%20Assistance%20Systems%20(ADAS,and%20sold%20with%20these%20systems./},
   author = {NSC},
   year = {2024},
   title = {Advanced Driver Assistance Systems},
}
@misc {nsc2,
   url = {https://injuryfacts.nsc.org/motor-vehicle/occupant-protection/advanced-driver-assistance-systems/data-details/},
   author = {NSC},
   year = {2023},
   title = {Advanced Driver Assistance Systems},
}
@misc {K,
   url = {https://www.karlaw.com/blog/california-car-accident-statistics/#:~:text=for%20your%20case.-,Q%3A%20What%20Is%20the%20Leading%20Cause%20of%20Accidents%20in%20California,in%20California%20is%20distracted%20driving.},
   author = {karlaw},
   year = {2024},
   title = {CALIFORNIA CAR ACCIDENT STATISTICS 2024 â€“ TRAFFIC FATALITIES CA},
}
@misc {LI,
   url = {https://www.linkedin.com/pulse/diagram-showing-main-components-convolutional-neural-network-prakash-f37zf/},
   author = {Chandra P.},
   year = {2023},
   title = {Diagram showing the main components of Convolutional Neural Network (CNN)},
}

@misc {intel,
   url = {https://www.intel.com/content/www/us/en/internet-of-things/computer-vision/convolutional-neural-networks.html#:~:text=Convolutional%20neural%20networks%20(CNNs)%20are,NLP)%2C%20and%20recommendation%20systems.},
   author = {intel},
   year = {2024},
   title = {Convolutional Neural Networks (CNNs), Deep Learning, and Computer Vision},
}
@misc {keylabs,
   url = {https://keylabs.ai/blog/under-the-hood-yolov8-architecture-explained/#:~:text=YOLOv8%20is%20a%20state%2Dof,objects%20in%20real%2Dtime%20scenarios.},
   author = {Keylabs},
   year = {2023},
   title = {Under the Hood: YOLOv8 Architecture Explained},
}
@misc {PyTorch,
   url = {https://en.wikipedia.org/wiki/PyTorch},
   author = {Wikipedia},
   year = {2024},
   title = {PyTorch},
}
@misc {R-CNN,
   url = {https://paperswithcode.com/method/faster-r-cnn#:~:text=Faster%20R%2DCNN%20is%20an,nearly%20cost%2Dfree%20region%20proposals.},
   author = {PapersWithCode},
   year = {2024},
   title = {Faster R-CNN},
}
@misc {RPN,
   url = {https://paperswithcode.com/method/rpn#:~:text=A%20Region%20Proposal%20Network%2C%20or,objectness%20scores%20at%20each%20position.},
   author = {PapersWithCode},
   year = {2024},
   title = {Region Proposal Network},
}
@misc {HSV,
   url = {https://www.sciencedirect.com/science/article/pii/S1877050923019336},
   author = {Qiao, Xiaoxuan},
   year = {2023},
   title = {Research on Traffic sign recognition based on CNN Deep Learning Network},
}
@misc {Youssouf,
   url ={https://www.sciencedirect.com/science/article/pii/S2405844022030808#bib12},
   author = {Youssouf, Najayou},
   year = {2022},
   title = {Traffic sign classification using CNN and detection using faster-RCNN and YOLOV4},
}
@misc {Darabi,
   url ={https://www.kaggle.com/code/pkdarabi/traffic-signs-detection-using-yolov8/notebook},
   author = {Darabi, Parisa Karimi},
   year = {2024},
   title = {Traffic Signs Detection Using YOLOv8},
}

@misc {dataSet,
   url ={https://universe.roboflow.com/us-road-signs-projects/us-road-signs/dataset/72},
   author = {roboflow},
   year = {2024},
   title = {US Road Signs Image Dataset},
}

@misc {v8,
   url ={https://www.youtube.com/watch?v=m9fH9OWn8YM},
   author = {Felipe},
   year = {2023},
   title = {Train Yolov8 object detection on a custom dataset | Step by step guide | Computer vision tutorial},
}

@misc {R-CNN,
   url ={https://github.com/EdjeElectronics/TensorFlow-Object-Detection-API-Tutorial-Train-Multiple-Objects-Windows-10?tab=readme-ov-file},
   author = {EdjeElectronics},
   year = {2019},
   title = {How To Train an Object Detection Classifier for Multiple Objects Using TensorFlow (GPU) on Windows 10},
}

@misc {harv,
   url ={https://pll.harvard.edu/course/machine-learning-and-ai-python},
   author = {Harvard},
   year = {2024},
   title = {Machine Learning and AI with Python},
}

@misc {fast,
   url ={https://course17.fast.ai/about.html},
   author = {Howard, Jeremy},
   year = {2024},
   title = {Practical Deep Learning For Coders},
}


